<?xml version="1.0" encoding="UTF-8"?>
<record xmlns="http://www.loc.gov/MARC21/slim">
   <leader>01751cas a22004575a 4500</leader>
   <controlfield tag="001">000009233614</controlfield>
   <controlfield tag="003">CaOOAMICUS</controlfield>
   <controlfield tag="005">19910714      .0</controlfield>
   <controlfield tag="008">891130d198u198uabc x4p  b   s0uuua0eng  </controlfield>
   <datafield tag="010" ind1=" " ind2=" ">
      <subfield code="a">cn 90080713 </subfield>
   </datafield>
   <datafield tag="016" ind1=" " ind2=" ">
      <subfield code="a"> 90080713X  rev</subfield>
   </datafield>
   <datafield tag="022" ind1="0" ind2=" ">
      <subfield code="a">0848-3795</subfield>
      <subfield code="z">0848-3620</subfield>
   </datafield>
   <datafield tag="035" ind1=" " ind2=" ">
      <subfield code="a">(OCoLC)ocm21213019 </subfield>
   </datafield>
   <datafield tag="040" ind1=" " ind2=" ">
      <subfield code="a">CaOONL</subfield>
      <subfield code="b">eng</subfield>
      <subfield code="c">CaOONL</subfield>
   </datafield>
   <datafield tag="042" ind1=" " ind2=" ">
      <subfield code="a">nlc</subfield>
      <subfield code="a">isds/c</subfield>
   </datafield>
   <datafield tag="050" ind1=" " ind2="4">
      <subfield code="a">QC 787 C8</subfield>
      <subfield code="b">P97</subfield>
   </datafield>
   <datafield tag="082" ind1="0" ind2=" ">
      <subfield code="a">016.640/73</subfield>
      <subfield code="2">20</subfield>
   </datafield>
   <datafield tag="130" ind1="0" ind2="0">
      <subfield code="a">Publication list (Alberta. Alberta Consumer and Corporate Affairs)</subfield>
   </datafield>
   <datafield tag="210" ind1="0" ind2=" ">
      <subfield code="a">Publ. list - Alta. Consum. Corp. Aff.</subfield>
   </datafield>
   <datafield tag="222" ind1="0" ind2="0">
      <subfield code="a">Publication list - Alberta Consumer and Corporate Affairs</subfield>
   </datafield>
   <datafield tag="240" ind1="0" ind2="0">
      <subfield code="a">Publication list.</subfield>
   </datafield>
   <datafield tag="245" ind1="0" ind2="0">
      <subfield code="a">Publication list.</subfield>
   </datafield>
   <datafield tag="246" ind1="1" ind2="0">
      <subfield code="a">Helping you help yourself</subfield>
   </datafield>
   <datafield tag="246" ind1="1" ind2="0">
      <subfield code="a">Publications list</subfield>
   </datafield>
   <datafield tag="260" ind1="0" ind2="0">
      <subfield code="a">[Edmonton] :</subfield>
      <subfield code="b">Alberta Consumer and Corporate Affairs,</subfield>
      <subfield code="c">[198-?-198-]</subfield>
   </datafield>
   <datafield tag="300" ind1=" " ind2=" ">
      <subfield code="a">   v. ;</subfield>
      <subfield code="c">22 cm.</subfield>
   </datafield>
   <datafield tag="310" ind1=" " ind2=" ">
      <subfield code="a">Irregular.</subfield>
   </datafield>
   <datafield tag="500" ind1=" " ind2=" ">
      <subfield code="a">Title from cover.</subfield>
   </datafield>
   <datafield tag="500" ind1=" " ind2=" ">
      <subfield code="a">At head of title: Helping you help yourself.</subfield>
   </datafield>
   <datafield tag="500" ind1=" " ind2=" ">
      <subfield code="a">Description based on: July 1985.</subfield>
   </datafield>
   <datafield tag="500" ind1=" " ind2=" ">
      <subfield code="a">Some issues have title: Publications list.</subfield>
   </datafield>
   <datafield tag="610" ind1="2" ind2="0">
      <subfield code="a">TRIUMF.</subfield>
      <subfield code="b">University of Alberta Group.</subfield>
   </datafield>
   <datafield tag="650" ind1=" " ind2="0">
      <subfield code="a">Scattering (Physics)</subfield>
   </datafield>
   <datafield tag="650" ind1=" " ind2="0">
      <subfield code="a">Cyclotrons.</subfield>
   </datafield>
   <datafield tag="650" ind1=" " ind2="0">
      <subfield code="a">Mesons.</subfield>
   </datafield>
   <datafield tag="710" ind1="1" ind2="0">
      <subfield code="a">Alberta.</subfield>
      <subfield code="b">Alberta Consumer and Corporate Affairs.</subfield>
   </datafield>
   <datafield tag="785" ind1="0" ind2="0">
      <subfield code="a">Alberta. Alberta Consumer and Corporate Affairs.</subfield>
      <subfield code="t">Publications list and order form.</subfield>
      <subfield code="d">[Edmonton] : Alberta, Consumer and Corporate Affairs, [1990 or 1991]</subfield>
      <subfield code="x">1184-6453</subfield>
      <subfield code="w">(CaOONL) 91083699X  </subfield>
      <subfield code="w">(OCoLC)ocm24296435 </subfield>
      <subfield code="w">(DLC)cn 91083699 </subfield>
   </datafield>
   <datafield tag="852" ind1=" " ind2=" ">
      <subfield code="9">1</subfield>
      <subfield code="a">CaAEU</subfield>
      <subfield code="h">QC 787 C8 P97</subfield>
      <subfield code="z">ILL: n.s.</subfield>
   </datafield>
   <datafield tag="852" ind1=" " ind2=" ">
      <subfield code="9">2</subfield>
      <subfield code="a">CaOONL</subfield>
      <subfield code="z">ILL: no</subfield>
   </datafield>
   <datafield tag="866" ind1=" " ind2="0">
      <subfield code="9">2</subfield>
      <subfield code="a">1985,89,91</subfield>
   </datafield>
   <datafield tag="910" ind1="1" ind2="0">
      <subfield code="a">Alberta.</subfield>
      <subfield code="b">Dept. of Consumer and Corporate Affairs.</subfield>
   </datafield>
   <datafield tag="990" ind1="1" ind2="0">
      <subfield code="a">91001ab</subfield>
      <subfield code="b">71001ab</subfield>
   </datafield>
</record>
